<record xmlns="http://www.loc.gov/MARC21/slim" xmlns:xsi="http://www.w3.org/2001/XMLSchema-instance" xsi:schemaLocation="http://www.loc.gov/MARC21/slim http://www.loc.gov/standards/marcxml/schema/MARC21slim.xsd"><leader>00943cz   2200253n  4500</leader><controlfield tag="001">oca00241075 </controlfield><controlfield tag="005">20040820052335.0</controlfield><controlfield tag="008">790131n| acannaabn          |a aaa      </controlfield><datafield ind1=" " ind2=" " tag="010"><subfield code="a">n  79006943 </subfield></datafield><datafield ind1=" " ind2=" " tag="040"><subfield code="a">DLC</subfield><subfield code="c">DLC</subfield><subfield code="d">DLC</subfield><subfield code="d">NjP</subfield><subfield code="d">DLC</subfield><subfield code="d">NBuU</subfield></datafield><datafield ind1="1" ind2=" " tag="100"><subfield code="a">Catullus, Gaius Valerius</subfield></datafield><datafield ind1="1" ind2=" " tag="400"><subfield code="a">Catull</subfield></datafield><datafield ind1="1" ind2=" " tag="400"><subfield code="a">Katull, GaiÌ&#x8c; ValeriiÌ&#x8c;</subfield></datafield><datafield ind1="1" ind2=" " tag="400"><subfield code="a">Catullus, Gajus Valerius</subfield></datafield><datafield ind1="1" ind2=" " tag="400"><subfield code="a">Catullus, C. Valerius</subfield><subfield code="w">nna</subfield></datafield><datafield ind1="1" ind2=" " tag="400"><subfield code="a">Catulle</subfield></datafield><datafield ind1="1" ind2=" " tag="400"><subfield code="a">Catullo, Gaio Valerio</subfield></datafield><datafield ind1="0" ind2=" " tag="400"><subfield code="a">Catul</subfield></datafield><datafield ind1="1" ind2=" " tag="400"><subfield code="a">Katullus, Kaius Valerius</subfield></datafield><datafield ind1=" " ind2=" " tag="670"><subfield code="a">Granarolo, J. Catulle, ce vivant, 1982:</subfield><subfield code="b">t.p. (Catulle)</subfield></datafield><datafield ind1=" " ind2=" " tag="670"><subfield code="a">Forsyth, P.Y. The poems of Catullus, c1986:</subfield><subfield code="b">CIP galley (Gaius Valerius Catullus (b. ca. 84 B.C.; d. 54 B.C.)</subfield></datafield><datafield ind1=" " ind2=" " tag="670"><subfield code="a">nuc88-65176: His Poesie, 1977</subfield><subfield code="b">(hdg. on CaBVaU rept.: Catullus, Gaius Valerius; usage: Gaio Valerio Catullo)</subfield></datafield><datafield ind1=" " ind2=" " tag="670"><subfield code="a">Catuls digtning, 1887.</subfield></datafield><datafield ind1=" " ind2=" " tag="670"><subfield code="a">Des Kaius Valerius Katullus Gedichte, 1803.</subfield></datafield></record>